<?xml version="1.0" encoding="UTF-8"?>
<collection xmlns:xsi="http://www.w3.org/2001/XMLSchema-instance" xsi:schemaLocation="http://www.loc.gov/MARC21/slim http://www.loc.gov/standards/marcxml/schema/MARC21slim.xsd" xmlns="http://www.loc.gov/MARC21/slim">
<record>
  <leader>00641cam a22001931i 4500</leader>
  <controlfield tag="001">2979480</controlfield>
  <controlfield tag="003">NNC</controlfield>
  <controlfield tag="005">20150817132336.0</controlfield>
  <controlfield tag="008">010222s1928    ua            000 0 ara d</controlfield>
  <datafield tag="035" ind1=" " ind2=" ">
    <subfield code="a">(OCoLC)ocm46239747</subfield>
  </datafield>
  <datafield tag="035" ind1=" " ind2=" ">
    <subfield code="9">ASM6550CU</subfield>
  </datafield>
  <datafield tag="035" ind1=" " ind2=" ">
    <subfield code="a">(NNC)2979480</subfield>
  </datafield>
  <datafield tag="040" ind1=" " ind2=" ">
    <subfield code="a">ZCU</subfield>
    <subfield code="c">ZCU</subfield>
  </datafield>
  <datafield tag="090" ind1=" " ind2=" ">
    <subfield code="a">PJ6121</subfield>
    <subfield code="b">.S29</subfield>
  </datafield>
  <datafield tag="100" ind1="1" ind2=" ">
    <subfield code="a">Saylānī, Habīb Muhammad.</subfield>
  </datafield>
  <datafield tag="245" ind1="1" ind2="0">
    <subfield code="a">Maghnam al-sibyān fī tajwīd al-Furqān /</subfield>
    <subfield code="c">li Ḥabīb Muhammad al-Kindī al-Saylānī ; wa-tafaddala ʻAlī al-Dabbāʻ bi-taqrīzihī.</subfield>
  </datafield>
  <datafield tag="260" ind1=" " ind2=" ">
    <subfield code="a">Misr :</subfield>
    <subfield code="b">Maṭba at Muḥammad ʻAlī Ṣabīh,</subfield>
    <subfield code="c">1347 [1928]</subfield>
  </datafield>
  <datafield tag="300" ind1=" " ind2=" ">
    <subfield code="a">95 p. ;</subfield>
    <subfield code="c">20 cm.</subfield>
  </datafield>
  <datafield tag="955" ind1=" " ind2=" ">
    <subfield code="b">0036760013</subfield>
    <subfield code="d">glx</subfield>
    <subfield code="e">PJ6121 .S29</subfield>
  </datafield>
</record>
</collection>